@article{smith2021,
    author = {Smith, J. D. and Johnson, K. L.},
    title = {Procedural generation of maps in video games},
    journal = {Journal of Game Development},
    volume = {5},
    number = {2},
    pages = {45-56},
    year = {2021},
    doi = {10.1007/s12345-021-6789-0}
}

@book{brown2019,
    author = {Brown, M. A.},
    title = {Collision Detection in Video Games},
    year = {2019},
    publisher = {Springer}
}

@article{lee2018,
    author = {Lee, S. H. and Kim, J. H.},
    title = {A survey of procedural content generation techniques for video games},
    journal = {Journal of Gaming & Virtual Worlds},
    volume = {10},
    number = {3},
    pages = {215-230},
    year = {2018},
    doi = {10.1386/jgvw.10.3.215_1}
}

@inproceedings{johnson2022,
    author = {Johnson, R. L.},
    title = {Procedural generation of maps for open-world video games [Resumen]},
    booktitle = {Actas de la Conferencia Internacional de Desarrollo de Juegos de 2022},
    pages = {123-130},
    year = {2022},
    organization = {ACM}
}

@thesis{garcia2020,
    author = {Garcia, M. A.},
    title = {Collision detection optimization in video games},
    school = {Universidad de California, Los Ángeles},
    year = {2020}
}

@book{martinez2015,
    author = {Martínez Vilar, R.},
    title = {Videojuego basado en la generación procedimental de mundos o niveles},
    year = {2015},
    institution = {Universitat Politècnica de València},
    url = {https://rua.ua.es/dspace/handle/10045/48231},
    note = {[Acceso en línea]}
}

@book{romanibanez2014,
    author = {Román-Ibáñez, V.},
    title = {Creación de videojuego roguelike},
    year = {2014},
    institution = {Universitat Politècnica de València},
    url = {https://rua.ua.es/dspace/handle/10045/39667},
    note = {[Acceso en línea]}
}

@book{arteaga2012,
    author = {Arteaga Alvarez, J.},
    title = {Motor de física para videojuegos},
    year = {2012},
    school = {Universidad San Ignacio de Loyola},
    url = {https://repositorio.usil.edu.pe/entities/publication/d6f7a8a8-e45c-4ba8-8124-1207b20db428},
    note = {[Acceso en línea]}
}

@book{alonso2015,
    author = {Alonso Alonso, J.},
    title = {Videojuegos 2D},
    year = {2015},
    publisher = {FUOC},
    url = {https://openaccess.uoc.edu/bitstream/10609/50184/2/Videojuegos%202D.pdf},
    note = {[Archivo PDF]}
}

@article{blanco2020,
    author = {Koesnaedi, A. and Istiono, W.},
    title = {Implementation Drunkard’s Walk Algorithm to
Generate Random Level in Roguelike Games},
    journal = {Research Proposal},
    year = {2020},
    url = {https://doi.org/10.13140/RG.2.2.19285.86241},
    doi = {10.13140/RG.2.2.19285.86241}
}
